<?xml version="1.0" encoding="UTF-8"?><record xmlns="http://www.loc.gov/MARC21/slim" xmlns:cinclude="http://apache.org/cocoon/include/1.0" xmlns:zs="http://www.loc.gov/zing/srw/">
  <leader>00361nz  a2200133n  4500</leader>
  <controlfield tag="001">no2007064940</controlfield>
  <controlfield tag="003">DLC</controlfield>
  <controlfield tag="005">20070614075121.0</controlfield>
  <controlfield tag="008">070612n| acannaabn          |n aaa     c</controlfield>
  <datafield tag="010" ind1=" " ind2=" ">
    <subfield code="a">no2007064940</subfield>
  </datafield>
  <datafield tag="035" ind1=" " ind2=" ">
    <subfield code="a">(OCoLC)oca07434668</subfield>
  </datafield>
  <datafield tag="040" ind1=" " ind2=" ">
    <subfield code="a">OO</subfield>
    <subfield code="b">eng</subfield>
    <subfield code="c">OO</subfield>
  </datafield>
  <datafield tag="100" ind1="1" ind2=" ">
    <subfield code="a">Crane, Leland</subfield>
  </datafield>
  <datafield tag="670" ind1=" " ind2=" ">
    <subfield code="a">Price perception and residential water demand, 2005:</subfield>
    <subfield code="b">t.p. (Leland Crane)</subfield>
  </datafield>
</record>